%============ Bibliography Syntaxe ============%
%      Just follow examples written below      %
%==============================================%


@electronic{vermeg,
  author        = "Vermeg",
  title         = "Présentation générale",
  url           = "https://www.vermeg.com/who-we-are/",
  year          = "Accès le 28-Février-2024"
}

@electronic{DefAPI,
  author        = "API",
  title         = "Définition d’une API",
  url           = "https://www.salesforce.com/fr/resources/definition/api/",
  year          = "Accès le 29-Février-2024"
}
@electronic{APIRest,
  author        = "API",
  title         = "Définition d’une API Rest",
  url           = "https://restfulapi.net/",
  year          = "Accès le 29-Février-2024"
}
@electronic{APISOAP,
  author        = "API",
  title         = "Définition d’une API SOAP",
  url           = "https://www.w3schools.com/xml/xml_soap.asp",
  year          = "Accès le 28-Février-2024"
}
@electronic{APIRPCGraphql,
  author        = "API",
  title         = "Définition d’une API RPC et Graphql",
  url           = "https://www.jsonrpc.org/specification",
  year          = "Accès le 28-Février-2024"
}
@electronic{Swagger,
  author        = "Swagger/OpenAPI",
  title         = "Définition de swagger",
  url           = "https://swagger.io/",
  year          = "Accès le 01-Mars-2024"
}
@electronic{AvantageSwagger,
  author        = "Swagger",
  title         = "Avantage  d’un fichier Swagger/OpenAP",
  url           = "https://www.ionos.fr/digitalguide/sites-internet/developpement-web/quest-ce-que-openapi/",
  year          = "Accès le 01-Mars-2024"
}
@electronic{defMarketplace,
  author        = "Marketplace API",
  title         = "Définition d’une API MarketPlace",
  url           = "https://ressources.axway.com/amplify-enterprise-marketplace-produit/fl-api-marketplace-what-why-fr#:~:text=Une%20marketplace%20d'API%20vous%20permet%20de%20regrouper%20vos%20API,de%20valeur%20qu'elles%20sont.",
  year          = "Accès le 02-Mars-2024"
}
@electronic{Scrum,
  author        = "Scrum",
  title         = "Qu'est-ce que Scrum ?",
  url           = "https://scrumguides.org/",
  year          = "Accès le 10-Avril-2024"

}
@electronic{UML,
  author        = "NodeJS",
  title         = "Qu'est-ce que NodeJS ?",
  url           = "- https://nodejs.org/api/documentation.html",
  year          = "Accès le 10-Avril-2024"
}
@electronic{nodeJS,
  author        = "NodeJS",
  title         = "Qu'est-ce que NodeJS ?",
  url           = "- https://nodejs.org/api/documentation.html",
  year          = "Accès le 10-Avril-2024"
}
@electronic{ExpressJS,
  author        = "espressJS",
  title         = "Qu'est-ce que expressjs ?",
  url           = "https://expressjs.com/fr/",
  year          = "Accès le 10-Avril-2024"
}
@electronic{Mongodb,
  author        = "mongodb",
  title         = "Qu'est-ce que mongoDb ?",
  url           = "- https://www.mongodb.com/fr-fr/what-is-mongodb",
  year          = "Accès le 10-Avril-2024"
}
@electronic{angular,
  author        = "angular",
  title         = "Qu'est-ce que angular ?",
  url           = "https://angular.dev/overview",
  year          = "Accès le 10-Avril-2024"
}
@electronic{angularMaterial,
  author        = "angular material",
  title         = "Qu'est-ce que angular  materia?",
  url           = "https://material.angular.io",
  year          = "Accès le 10-Avril-2024"
}
@electronic{tailwind,
  author        = "Tailwind",
  title         = "Qu'est-ce que tailwind?",
  url           = "https://tailwindcss.com/docs/",
  year          = "Accès le 10-Avril-2024"
}
@electronic{vscode,
  author        = "vscode",
  title         = "Qu'est-ce que vs code?",
  url           = "https://code.visualstudio.com/docs",
  year          = "Accès le 10-Avril-2024"
}
@electronic{postman,
  author        = "postman",
  title         = "Qu'est-ce que postman ?",
  url           = "https://www.postman.com/product/what-is-postman",
  year          = "Accès le 10-Avril-2024"
}
@electronic{gitHub,
  author        = "gitHub",
  title         = "Qu'est-ce que gitHub ?",
  url           = " https://docs.github.com/en",
  year          = "Accès le 10-Avril-2024"
}

@electronic{Figma,
  author        = "Figma",
  title         = "Qu'est-ce que Figma ?",
  url           = "https://www.figma.com/fr-fr/figma-vs-adobe-xd/",
  year          = "Accès le 10-Avril-2024"
}



@electronic{ site1,
  author        = "Marketplace",
  title         = "les marketplaces d'API qui existes?",
  url           = "https://slashdot.org/software/api-marketplaces/",
  year          = "Accès le 10-Avril-2024"
}
@electronic{ site2,
  author        = "Marketplace",
  title         = "les marketplaces d'API qui existes?",
  url           = "https://www.g2.com/categories/api-marketplace",
  year          = "Accès le 10-Avril-2024"
}


@electronic{ marketplaceAPI,
  author        = "Marketplace",
  title         = "Fonctionnement d’une marketplace d’API",
  url           = "https://global.rakuten.com/corp/news/press/2018/0711_01.html",
  year          = "Accès le 10-Avril-2024"
}

@electronic{ MVC,
  author        = "MVC",
  title         = "Fonctionnement de MVC",
  url           = "https://cisco.goffinet.org/devasc/concepts-dev-developpement-logiciel/",
  year          = "Accès le 10-Avril-2024"
}


